@article{Horvathy:2008hd,
    author = "Horvathy, Peter A. and Zhang, Pengming",
    archivePrefix = "arXiv",
    doi = "10.1016/j.physrep.2009.07.003",
    eprint = "0811.2094",
    journal = "Phys.\ Rept.",
    pages = "83--142",
    title = "{Vortices in (abelian) Chern-Simons gauge theory}",
    volume = "481",
    year = "2009"
}


@article{Paul:1986ix,
      author         = "Paul, Samir K. and Khare, Avinash",
      title          = "{Charged Vortices in Abelian Higgs Model with
                        Chern-Simons Term}",
      journal        = "Phys. Lett.",
      volume         = "B174",
      year           = "1986",
      pages          = "420-422",
      doi            = "10.1016/0370-2693(86)90788-4,
                        10.1016/0370-2693(86)91028-2",
      note           = "[Erratum: Phys. Lett.B177,453(1986)]",
      reportNumber   = "IP-BBSR/86-1",
      SLACcitation   = "%%CITATION = PHLTA,B174,420;%%"
}

@article{Gorbar:2005pi,
      author         = "Gorbar, E. V. and Jia, Junji and Miransky, V. A.",
      title          = "{Vortices in gauge models at finite density with vector
                        condensates}",
      journal        = "Phys. Rev.",
      volume         = "D73",
      year           = "2006",
      pages          = "045001",
      doi            = "10.1103/PhysRevD.73.045001",
      eprint         = "hep-ph/0512203",
      archivePrefix  = "arXiv",
      reportNumber   = "UWO-TH-05-18",
      SLACcitation   = "%%CITATION = HEP-PH/0512203;%%"
}


@article{Jackiw:1990aw,
    author = "Jackiw, R. and Weinberg, Erick J.",
    doi = "10.1103/PhysRevLett.64.2234",
    journal = "Phys.\ Rev.\ Lett.",
    pages = "2234",
    reportNumber = "CU-TP-455, MIT-CTP-1828",
    title = "{{S}elf-dual {C}hern-{S}imons Vortices}",
    volume = "64",
    year = "1990"
}

@article{Jackiw:1990pr,
    author = "Jackiw, R. and Lee, Ki-Myeong and Weinberg, Erick J.",
    doi = "10.1103/PhysRevD.42.3488",
    journal = "Phys.\ Rev.\ D",
    pages = "3488--3499",
    reportNumber = "CU-TP-473, MIT-CTP-1876, BUHEP-90-20",
    title = "{Selfdual Chern-Simons solitons}",
    volume = "42",
    year = "1990"
}

@article{Hong1990,
  doi = {10.1103/physrevlett.64.2230},
  url = {https://doi.org/10.1103/physrevlett.64.2230},
  year = {1990},
  month = may,
  publisher = {American Physical Society ({APS})},
  volume = {64},
  number = {19},
  pages = {2230--2233},
  author = {Jooyoo Hong and Yoonbai Kim and Pong Youl Pac},
  Title = {{M}ultivortex solutions of the \textcolor{red}{A}belian \textcolor{red}{C}hern-\textcolor{red}{S}imons-\textcolor{red}{H}iggs theory},
  journal = {Physical Review Letters}
}

@article{Hong:1990yh,
    author = "Hong, Jooyoo and Kim, Yoonbai and Pac, Pong Youl",
    doi = "10.1103/PhysRevLett.64.2230",
    journal = "Phys.\ Rev.\ Lett.",
    pages = "2230",
    reportNumber = "SNUHE-90-04",
    title = "{On the Multivortex Solutions of the Abelian {Chern-Simons}-higgs Theory}",
    volume = "64",
    year = "1990"
}

@article{hep-th/9410065,
Author = {Gerald Dunne},
Title = {{S}elf-\textcolor{red}{D}ual \textcolor{red}{C}hern-\textcolor{red}{S}imons \textcolor{red}{T}heories},
Year = {1994},
Eprint = {arXiv:hep-th/9410065},
Doi = {10.1007/978-3-540-44777-1},
}


@article{deVega1976,
  doi = {10.1103/physrevd.14.1100},
  url = {https://doi.org/10.1103/physrevd.14.1100},
  year = {1976},
  month = aug,
  publisher = {American Physical Society ({APS})},
  volume = {14},
  number = {4},
  pages = {1100--1106},
  author = {H. J. de Vega and F. A. Schaposnik},
  Title = {{C}lassical vortex solution of the \textcolor{red}{A}belian \textcolor{red}{H}iggs model},
  journal = {Physical Review D}
}


@article{Nielsen:1973cs,
    author = "Nielsen, Holger Bech and Olesen, P.",
    doi = "10.1016/0550-3213(73)90350-7",
    journal = "Nucl.\ Phys.\ B",
    pages = "45--61",
    title = "{Vortex Line Models for Dual Strings}",
    volume = "61",
    year = "1973"
}

@article{Abrikosov1957,
  doi = {10.1016/0022-3697(57)90083-5},
  url = {https://doi.org/10.1016/0022-3697(57)90083-5},
  year = {1957},
  month = jan,
  publisher = {Elsevier {BV}},
  volume = {2},
  number = {3},
  pages = {199--208},
  author = {A.A. Abrikosov},
  Title = {{T}he magnetic properties of superconducting alloys},
  journal = {Journal of Physics and Chemistry of Solids}
}


@article{Kapusta1981,
  doi = {10.1103/physrevd.24.426},
  url = {https://doi.org/10.1103/physrevd.24.426},
  year = {1981},
  month = jul,
  publisher = {American Physical Society ({APS})},
  volume = {24},
  number = {2},
  pages = {426--439},
  author = {Joseph I. Kapusta},
  Title = {{B}ose-\textcolor{red}{E}instein condensation,  spontaneous symmetry breaking,  and gauge theories},
  journal = {Physical Review D}
}

@article{Kapusta:1981aa,
    author = "Kapusta, Joseph I.",
    doi = "10.1103/PhysRevD.24.426",
    journal = "Phys.\ Rev.\ D",
    pages = "426--439",
    title = "{Bose-Einstein Condensation, Spontaneous Symmetry Breaking, and Gauge Theories}",
    volume = "24",
    year = "1981"
}


@article{hep-th/9308014,
Author = {Pietro Donatis and Roberto Iengo},
Title = {{C}omment \textcolor{red}{O}n \textcolor{red}{V}ortices \textcolor{red}{I}n \textcolor{red}{C}hern-\textcolor{red}{S}imons \textcolor{red}{A}nd \textcolor{red}{M}axwell \textcolor{red}{E}lectrodynamics},
Year = {1993},
Eprint = {arXiv:hep-th/9308014},
Howpublished = {Phys. Lett. B320 (1994) 64-68},
Doi = {10.1016/0370-2693(94)90824-9},
}

@article{0906.2366,
Author = {Roberto Auzzi and S. Prem Kumar},
Title = {{N}on-\textcolor{red}{A}belian \textcolor{red}{V}ortices at \textcolor{red}{W}eak and \textcolor{red}{S}trong \textcolor{red}{C}oupling in \textcolor{red}{M}ass \textcolor{red}{D}eformed \textcolor{red}{A}\textcolor{red}{B}\textcolor{red}{J}\textcolor{red}{M} \textcolor{red}{T}heory},
Year = {2009},
Eprint = {arXiv:0906.2366},
Howpublished = {JHEP 0910:071,2009},
Doi = {10.1088/1126-6708/2009/10/071},
}

@article{Auzzi:2009es,
      author         = "Auzzi, Roberto and Kumar, S. Prem",
      title          = "{Non-Abelian Vortices at Weak and Strong Coupling in Mass
                        Deformed ABJM Theory}",
      journal        = "JHEP",
      volume         = "10",
      year           = "2009",
      pages          = "071",
      doi            = "10.1088/1126-6708/2009/10/071",
      eprint         = "0906.2366",
      archivePrefix  = "arXiv",
    % primaryClass   = "hep-th",
      SLACcitation   = "%%CITATION = ARXIV:0906.2366;%%"
}

@article{Witten1989,
  doi = {10.1007/bf01217730},
  url = {https://doi.org/10.1007/bf01217730},
  year = {1989},
  month = sep,
  publisher = {Springer Science and Business Media {LLC}},
  volume = {121},
  number = {3},
  pages = {351--399},
  author = {Edward Witten},
  Title = {{Q}uantum field theory and the \textcolor{red}{J}ones polynomial},
  journal = {Communications in Mathematical Physics}
}

@article{Witten:1988hf,
    author = "Witten, Edward",
    doi = "10.1007/BF01217730",
    journal = "Commun.\ Math.\ Phys.",
    pages = "351--399",
    reportNumber = "IASSNS-HEP-88-33",
    title = "{Quantum Field Theory and the Jones Polynomial}",
    volume = "121",
    year = "1989"
}

@inproceedings{Dunne:1998qy,
      author         = "Dunne, Gerald V.",
      title          = "{Aspects of Chern-Simons theory}",
      booktitle      = "{Topological Aspects of Low-dimensional Systems:
                        Proceedings, Les Houches Summer School of Theoretical
                        Physics, Session 69: Les Houches, France, July 7-31 1998}",
      year           = "",
      eprint         = "hep-th/9902115",
      archivePrefix  = "arXiv",
      SLACcitation   = "%%CITATION = HEP-TH/9902115;%%"
}

@article{Prasad:1975kr,
    author = "Prasad, M.K. and Sommerfield, Charles M.",
    doi = "10.1103/PhysRevLett.35.760",
    journal = "Phys.\ Rev.\ Lett.",
    pages = "760--762",
    reportNumber = "COO-3075-114",
    title = "{An Exact Classical Solution for the 't Hooft Monopole and the Julia-Zee Dyon}",
    volume = "35",
    year = "1975"
}

@article{Bogomolny:1975de,
    author = "Bogomolny, E.B.",
    journal = "Sov.\ J.\ Nucl.\ Phys.",
    pages = "449",
    reportNumber = "PRINT-76-0543 (LANDAU-INST.)",
    title = "{Stability of Classical Solutions}",
    volume = "24",
    year = "1976"
}

@misc{hep-th/0509216,
Author = {David Tong},
Title = {{T}\textcolor{red}{A}\textcolor{red}{S}\textcolor{red}{I} \textcolor{red}{L}ectures on \textcolor{red}{S}olitons},
Year = {2005},
Eprint = {arXiv:hep-th/0509216},
}

@article{Ginzburg:1950sr,
      author         = "Ginzburg, V. L. and Landau, L. D.",
      Title          = "{{O}n the \textcolor{red}{T}heory of superconductivity}",
      journal        = "Zh. Eksp. Teor. Fiz.",
      volume         = "20",
      year           = "1950",
      pages          = "1064-1082",
      SLACcitation   = "%%CITATION = ZETFA,20,1064;%%"
}

@article{Moore1989,
  doi = {10.1016/0370-2693(89)90897-6},
  url = {https://doi.org/10.1016/0370-2693(89)90897-6},
  year = {1989},
  month = apr,
  publisher = {Elsevier {BV}},
  volume = {220},
  number = {3},
  pages = {422--430},
  author = {Gregory Moore and Nathan Seiberg},
  Title = {{T}aming the conformal zoo},
  journal = {Physics Letters B}
}

@article{Moore:1989yh,
    author = "Moore, Gregory W. and Seiberg, Nathan",
    doi = "10.1016/0370-2693(89)90897-6",
    journal = "Phys.\ Lett.\ B",
    pages = "422--430",
    reportNumber = "IASSNS-HEP-89/6",
    title = "{Taming the Conformal Zoo}",
    volume = "220",
    year = "1989"
}


@article{Aharony:2015mjs,
      author         = "Aharony, Ofer",
      title          = "{Baryons, monopoles and dualities in Chern-Simons-matter
                        theories}",
      journal        = "JHEP",
      volume         = "02",
      year           = "2016",
      pages          = "093",
      doi            = "10.1007/JHEP02(2016)093",
      eprint         = "1512.00161",
      archivePrefix  = "arXiv",
      reportNumber   = "WIS-12-15-NOV-DPPA",
      SLACcitation   = "%%CITATION = ARXIV:1512.00161;%%"
}

@incollection{Zee,
  doi = {10.1007/bfb0113369},
  url = {https://doi.org/10.1007/bfb0113369},
  publisher = {Springer Berlin Heidelberg},
  pages = {99--153},
  author = {A. Zee},
  year = {1995},
  Title = {Quantum hall fluids},
  booktitle = {Field Theory,  Topology and Condensed Matter Physics}
}

@misc{1606.06687,
Author = {David Tong},
Title = {{L}ectures on the \textcolor{red}{Q}uantum \textcolor{red}{H}all \textcolor{red}{E}ffect},
Year = {2016},
Eprint = {arXiv:1606.06687},
}

@article{gr-qc/0503022,
Author = {S. Carlip},
Title = {{C}onformal \textcolor{red}{F}ield \textcolor{red}{T}heory, (2+1)-\textcolor{red}{D}imensional \textcolor{red}{G}ravity, and the \textcolor{red}{B}\textcolor{red}{T}\textcolor{red}{Z} \textcolor{red}{B}lack \textcolor{red}{H}ole},
Year = {2005},
Eprint = {arXiv:gr-qc/0503022},
Howpublished = {Class.Quant.Grav.22:R85-R124,2005},
Doi = {10.1088/0264-9381/22/12/R01},
}

@article{Carlip:2005zn,
      author         = "Carlip, Steven",
      title          = "{Conformal field theory, (2+1)-dimensional gravity, and
                        the BTZ black hole}",
      journal        = "Class. Quant. Grav.",
      volume         = "22",
      year           = "2005",
      pages          = "R85-R124",
      doi            = "10.1088/0264-9381/22/12/R01",
      eprint         = "gr-qc/0503022",
      archivePrefix  = "arXiv",
      reportNumber   = "UCD-05-02",
      SLACcitation   = "%%CITATION = GR-QC/0503022;%%"
}

@article{Girvin1987,
  doi = {10.1103/physrevlett.58.1252},
  url = {https://doi.org/10.1103/physrevlett.58.1252},
  year = {1987},
  month = mar,
  publisher = {American Physical Society ({APS})},
  volume = {58},
  number = {12},
  pages = {1252--1255},
  author = {S. M. Girvin and A. H. MacDonald},
  Title = {{O}ff-diagonal long-range order,  oblique confinement,  and the fractional quantum \textcolor{red}{H}all effect},
  journal = {Physical Review Letters}
}

@article{Read1989,
  doi = {10.1103/physrevlett.62.86},
  url = {https://doi.org/10.1103/physrevlett.62.86},
  year = {1989},
  month = jan,
  publisher = {American Physical Society ({APS})},
  volume = {62},
  number = {1},
  pages = {86--89},
  author = {N. Read},
  Title = {{O}rder \textcolor{red}{P}arameter and \textcolor{red}{G}inzburg-\textcolor{red}{L}andau \textcolor{red}{T}heory for the \textcolor{red}{F}ractional \textcolor{red}{Q}uantum \textcolor{red}{H}all \textcolor{red}{E}ffect},
  journal = {Physical Review Letters}
}

@article{PhysRevLett.62.82,
  Title = {{E}ffective-{F}ield-{T}heory {M}odel for the {F}ractional {Q}uantum {H}all {E}ffect},
  author = {Zhang, S. C. and Hansson, T. H. and Kivelson, S.},
  journal = {Phys. Rev. Lett.},
  volume = {62},
  issue = {1},
  pages = {82--85},
  numpages = {0},
  year = {1989},
  month = {Jan},
  publisher = {American Physical Society},
  doi = {10.1103/PhysRevLett.62.82},
  url = {https://link.aps.org/doi/10.1103/PhysRevLett.62.82}
}

@article{Polychronakos:2001mi,
    author = "Polychronakos, Alexios P.",
    archivePrefix = "arXiv",
    doi = "10.1088/1126-6708/2001/04/011",
    eprint = "hep-th/0103013",
    journal = "JHEP",
    pages = "011",
    reportNumber = "CCNY-HEP-01-02, RU-01-4-B",
    title = "{Quantum Hall states as matrix Chern-Simons theory}",
    volume = "04",
    year = "2001"
}

@book{Nakahara,
      Title     = "{G}eometry, {T}opology and {P}hysics",
      author    = "Nakahara, Mikio",
      year      = 2003,
      publisher = "Institute of Physics Publishing",
    }

%%% contains utf-8, see: https://old.inspirehep.net/info/faq/general#utf8
%%% add \usepackage[utf8]{inputenc} to your latex preamble

@article{Polychronakos:2007df,
      author         = "Polychronakos, Alexios P.",
      title          = "{Non-commutative Fluids}",
      booktitle      = "{Quantum Spaces: Poincaré Seminar 2007}",
      journal        = "Prog. Math. Phys.",
      volume         = "53",
      year           = "2007",
      pages          = "109-159",
      doi            = "10.1007/978-3-7643-8522-4_3",
      eprint         = "0706.1095",
      archivePrefix  = "arXiv",
      reportNumber   = "CCNY-HEP-07-6",
      SLACcitation   = "%%CITATION = ARXIV:0706.1095;%%"
}

@article{Snyder:1946qz,
    author = "Snyder, Hartland S.",
    doi = "10.1103/PhysRev.71.38",
    journal = "Phys.\ Rev.",
    pages = "38--41",
    title = "{Quantized Space-Time}",
    volume = "71",
    year = "1947"
}

@article{Snyder:1947nq,
    author = "Snyder, Harland S.",
    doi = "10.1103/PhysRev.72.68",
    journal = "Phys.\ Rev.",
    pages = "68--71",
    title = "{The Electromagnetic Field in Quantized Space-Time}",
    volume = "72",
    year = "1947"
}

@article{hep-th\/0106048,
Author = {Michael R. Douglas and Nikita A. Nekrasov},
Title = {{N}oncommutative \textcolor{red}{F}ield \textcolor{red}{T}heory},
Year = {2001},
Eprint = {arXiv:hep-th/0106048},
Howpublished = {Rev.Mod.Phys.73:977-1029,2001},
Doi = {10.1103/RevModPhys.73.977},
}

@article{Douglas:2001ba,
      author         = "Douglas, Michael R. and Nekrasov, Nikita A.",
      title          = "{Noncommutative field theory}",
      journal        = "Rev. Mod. Phys.",
      volume         = "73",
      year           = "2001",
      pages          = "977-1029",
      doi            = "10.1103/RevModPhys.73.977",
      eprint         = "hep-th/0106048",
      archivePrefix  = "arXiv",
      reportNumber   = "ITEP-TH-31-01, IHES-P-01-27, RUNHETC-2001-18",
      SLACcitation   = "%%CITATION = HEP-TH/0106048;%%"
}

@article{Szabo:2001kg,
      author         = "Szabo, Richard J.",
      title          = "{Quantum Field Theory on Noncommutative Spaces}",
      booktitle      = "{Frontiers of Mathematical Physics: Summer Workshop on
                        Particles, Fields and Strings Burnaby, Canada, July 16-27,
                        2001}",
      journal        = "Phys. Rept.",
      volume         = "378",
      year           = "2003",
      pages          = "207-299",
      doi            = "10.1016/S0370-1573(03)00059-0",
      eprint         = "hep-th/0109162",
      archivePrefix  = "arXiv",
      reportNumber   = "HWM-01-35, EMPG-01-14",
      SLACcitation   = "%%CITATION = HEP-TH/0109162;%%"
}

@article{Jackiw:2002pn,
      author         = "Jackiw, R. and Pi, S. Y. and Polychronakos, A. P.",
      title          = "{Noncommuting Gauge Fields as a Lagrange Fluid}",
      journal        = "Annals Phys.",
      volume         = "301",
      year           = "2002",
      pages          = "157-173",
      doi            = "10.1006/aphy.2002.6290",
      eprint         = "hep-th/0206014",
      archivePrefix  = "arXiv",
      reportNumber   = "MIT-CTP-3263, BUHEP-02-18, RU-02-3-B",
      SLACcitation   = "%%CITATION = HEP-TH/0206014;%%"
}

@book{Feynman_quote,
      Title     = "{T}he {C}haracter of {P}hysical {L}aw",
      author    = "Feynman, Richard",
      year      = 1965,
      publisher = "MIT Press",
    }


@article{Klebanov:2002ja,
      author         = "Klebanov, I. R. and Polyakov, A. M.",
      title          = "{AdS Dual of the Critical $O(N)$ Vector Model}",
      journal        = "Phys. Lett.",
      volume         = "B550",
      year           = "2002",
      pages          = "213-219",
      doi            = "10.1016/S0370-2693(02)02980-5",
      eprint         = "hep-th/0210114",
      archivePrefix  = "arXiv",
      reportNumber   = "PUPT-2053",
      SLACcitation   = "%%CITATION = HEP-TH/0210114;%%"
}

@article{Burgess:1993np,
      author         = "Burgess, C. P. and Quevedo, F.",
      title          = "{Bosonization as duality}",
      journal        = "Nucl. Phys.",
      volume         = "B421",
      year           = "1994",
      pages          = "373-390",
      doi            = "10.1016/0550-3213(94)90332-8",
      eprint         = "hep-th/9401105",
      archivePrefix  = "arXiv",
      reportNumber   = "MCGILL-93-45, NEIP-93-010",
      SLACcitation   = "%%CITATION = HEP-TH/9401105;%%"
}

@article{Barci:1995iy,
      author         = "Barci, D. G. and Fosco, C. D. and Oxman, L. E.",
      title          = "{On bosonization in three-dimensions}",
      journal        = "Phys. Lett.",
      volume         = "B375",
      year           = "1996",
      pages          = "267-272",
      doi            = "10.1016/0370-2693(96)00224-9",
      eprint         = "hep-th/9508075",
      archivePrefix  = "arXiv",
      reportNumber   = "IC-95-244",
      SLACcitation   = "%%CITATION = HEP-TH/9508075;%%"
}

@article{Giombi:2011kc,
      author         = "Giombi, Simone and Minwalla, Shiraz and Prakash, Shiroman
                        and Trivedi, Sandip P. and Wadia, Spenta R. and Yin, Xi",
      title          = "{Chern-Simons Theory with Vector Fermion Matter}",
      journal        = "Eur. Phys. J.",
      volume         = "C72",
      year           = "2012",
      pages          = "2112",
      doi            = "10.1140/epjc/s10052-012-2112-0",
      eprint         = "1110.4386",
      archivePrefix  = "arXiv",
      SLACcitation   = "%%CITATION = ARXIV:1110.4386;%%"
}

@article{Aharony:2012ns,
      author         = "Aharony, Ofer and Giombi, Simone and Gur-Ari, Guy and
                        Maldacena, Juan and Yacoby, Ran",
      title          = "{The Thermal Free Energy in Large N Chern-Simons-Matter
                        Theories}",
      journal        = "JHEP",
      volume         = "03",
      year           = "2013",
      pages          = "121",
      doi            = "10.1007/JHEP03(2013)121",
      eprint         = "1211.4843",
      archivePrefix  = "arXiv",
      reportNumber   = "WIS-18-12-NOV-DPPA",
      SLACcitation   = "%%CITATION = ARXIV:1211.4843;%%"
}

@article{Giveon:2008zn,
      author         = "Giveon, Amit and Kutasov, David",
      title          = "{Seiberg Duality in Chern-Simons Theory}",
      journal        = "Nucl. Phys.",
      volume         = "B812",
      year           = "2009",
      pages          = "1-11",
      doi            = "10.1016/j.nuclphysb.2008.09.045",
      eprint         = "0808.0360",
      archivePrefix  = "arXiv",
      SLACcitation   = "%%CITATION = ARXIV:0808.0360;%%"
}

@article{Aharony:2011jz,
      author         = "Aharony, Ofer and Gur-Ari, Guy and Yacoby, Ran",
      title          = "{d=3 Bosonic Vector Models Coupled to Chern-Simons Gauge
                        Theories}",
      journal        = "JHEP",
      volume         = "03",
      year           = "2012",
      pages          = "037",
      doi            = "10.1007/JHEP03(2012)037",
      eprint         = "1110.4382",
      archivePrefix  = "arXiv",
      SLACcitation   = "%%CITATION = ARXIV:1110.4382;%%"
}

@article{Naculich:1990pa,
      author         = "Naculich, Stephen G. and Riggs, H. A. and Schnitzer, H.
                        J.",
      title          = "{Group Level Duality in {WZW} Models and {Chern-Simons}
                        Theory}",
      journal        = "Phys. Lett.",
      volume         = "B246",
      year           = "1990",
      pages          = "417-422",
      doi            = "10.1016/0370-2693(90)90623-E",
      reportNumber   = "BRX-TH-293",
      SLACcitation   = "%%CITATION = PHLTA,B246,417;%%"
}

@article{Camperi:1990dk,
      author         = "Camperi, Marcelo and Levstein, Fernando and Zemba,
                        Guillermo",
      title          = "{The Large $N$ Limit of {Chern-Simons} Gauge Theory}",
      journal        = "Phys. Lett.",
      volume         = "B247",
      year           = "1990",
      pages          = "549-554",
      doi            = "10.1016/0370-2693(90)91899-M",
      reportNumber   = "MIT-CTP-1841, BUHEP-90-7",
      SLACcitation   = "%%CITATION = PHLTA,B247,549;%%"
}

@article{Mlawer:1990uv,
      author         = "Mlawer, E. J. and Naculich, Stephen G. and Riggs, H. A.
                        and Schnitzer, H. J.",
      title          = "{Group level duality of WZW fusion coefficients and
                        Chern-Simons link observables}",
      journal        = "Nucl. Phys.",
      volume         = "B352",
      year           = "1991",
      pages          = "863-896",
      doi            = "10.1016/0550-3213(91)90110-J",
      reportNumber   = "BRX-TH-301",
      SLACcitation   = "%%CITATION = NUPHA,B352,863;%%"
}

@article{Nakanishi:1990hj,
      author         = "Nakanishi, Tomoki and Tsuchiya, Akihiro",
      title          = "{Level rank duality of WZW models in conformal field
                        theory}",
      journal        = "Commun. Math. Phys.",
      volume         = "144",
      year           = "1992",
      pages          = "351-372",
      doi            = "10.1007/BF02101097",
      reportNumber   = "NU-MATH-002",
      SLACcitation   = "%%CITATION = CMPHA,144,351;%%"
}

@article{hep-th/0703089,
Author = {Stephen G. Naculich and Howard J. Schnitzer},
Title = {{L}evel-rank duality of the \textcolor{red}{U}(\textcolor{red}{N}) \textcolor{red}{W}\textcolor{red}{Z}\textcolor{red}{W} model, \textcolor{red}{C}hern-\textcolor{red}{S}imons theory, and 2d q\textcolor{red}{Y}\textcolor{red}{M} theory},
Year = {2007},
Eprint = {arXiv:hep-th/0703089},
Howpublished = {JHEP 0706:023,2007},
Doi = {10.1088/1126-6708/2007/06/023},
}

@article{Naculich:2007nc,
      author         = "Naculich, Stephen G. and Schnitzer, Howard J.",
      title          = "{Level-rank duality of the U(N) WZW model, Chern-Simons
                        theory, and 2-D qYM theory}",
      journal        = "JHEP",
      volume         = "06",
      year           = "2007",
      pages          = "023",
      doi            = "10.1088/1126-6708/2007/06/023",
      eprint         = "hep-th/0703089",
      archivePrefix  = "arXiv",
      reportNumber   = "BRX-TH-582, BOW-PH-139",
      SLACcitation   = "%%CITATION = HEP-TH/0703089;%%"
}

@article{Benini:2011mf,
      author         = "Benini, Francesco and Closset, Cyril and Cremonesi,
                        Stefano",
      title          = "{Comments on 3d Seiberg-like dualities}",
      journal        = "JHEP",
      volume         = "10",
      year           = "2011",
      pages          = "075",
      doi            = "10.1007/JHEP10(2011)075",
      eprint         = "1108.5373",
      archivePrefix  = "arXiv",
      reportNumber   = "PU-2391, WIS-07-11-AUG-DPPA, TAUP-2931-11",
      SLACcitation   = "%%CITATION = ARXIV:1108.5373;%%"
}

@article{Aharony:2013dha,
      author         = "Aharony, Ofer and Razamat, Shlomo S. and Seiberg, Nathan
                        and Willett, Brian",
      Title          = "{3d dualities from 4d dualities}",
      journal        = "{JHEP}",
      volume         = "{07}",
      year           = "{2013}",
      pages          = "{149}",
      doi            = "10.1007/JHEP07(2013)149",
      eprint         = "1305.3924",
      archivePrefix  = "arXiv",
      reportNumber   = "WIS-04-13-APR-DPPA",
      SLACcitation   = "%%CITATION = ARXIV:1305.3924;%%"
}

@article{Aharony:2014uya,
      author         = "Aharony, Ofer and Fleischer, Daniel",
      title          = "{IR Dualities in General 3d Supersymmetric SU(N) QCD
                        Theories}",
      journal        = "JHEP",
      volume         = "02",
      year           = "2015",
      pages          = "162",
      doi            = "10.1007/JHEP02(2015)162",
      eprint         = "1411.5475",
      archivePrefix  = "arXiv",
      reportNumber   = "WIS-09-14-NOV-DPPA",
      SLACcitation   = "%%CITATION = ARXIV:1411.5475;%%"
}

@article{Jain:2013gza,
      author         = "Jain, Sachin and Minwalla, Shiraz and Yokoyama, Shuichi",
      title          = "{Chern Simons duality with a fundamental boson and
                        fermion}",
      journal        = "JHEP",
      volume         = "11",
      year           = "2013",
      pages          = "037",
      doi            = "10.1007/JHEP11(2013)037",
      eprint         = "1305.7235",
      archivePrefix  = "arXiv",
      reportNumber   = "TIFR-TH-13-17",
      SLACcitation   = "%%CITATION = ARXIV:1305.7235;%%"
}

@article{Gur-Ari:2015pca,
      author         = "Gur-Ari, Guy and Yacoby, Ran",
      title          = "{Three Dimensional Bosonization From Supersymmetry}",
      journal        = "JHEP",
      volume         = "11",
      year           = "2015",
      pages          = "013",
      doi            = "10.1007/JHEP11(2015)013",
      eprint         = "1507.04378",
      archivePrefix  = "arXiv",
      reportNumber   = "PUPT-2482",
      SLACcitation   = "%%CITATION = ARXIV:1507.04378;%%"
}

@article{Murugan:2016zal,
      author         = "Murugan, Jeff and Nastase, Horatiu",
      title          = "{Particle-vortex duality in topological insulators and
                        superconductors}",
      journal        = "JHEP",
      volume         = "05",
      year           = "2017",
      pages          = "159",
      doi            = "10.1007/JHEP05(2017)159",
      eprint         = "1606.01912",
      archivePrefix  = "arXiv",
    % primaryClass   = "hep-th",
      SLACcitation   = "%%CITATION = ARXIV:1606.01912;%%"
}

@article{1606.01893,
Author = {Andreas Karch and David Tong},
Title = {{P}article-\textcolor{red}{V}ortex \textcolor{red}{D}uality from 3d \textcolor{red}{B}osonization},
Year = {2016},
Eprint = {arXiv:1606.01893},
Howpublished = {Phys. Rev. X 6, 031043 (2016)},
Doi = {10.1103/PhysRevX.6.031043},
}

@article{Karch:2016sxi,
      author         = "Karch, Andreas and Tong, David",
      title          = "{Particle-Vortex Duality from 3d Bosonization}",
      journal        = "Phys. Rev.",
      volume         = "X6",
      year           = "2016",
      number         = "3",
      pages          = "031043",
      doi            = "10.1103/PhysRevX.6.031043",
      eprint         = "1606.01893",
      archivePrefix  = "arXiv",
      SLACcitation   = "%%CITATION = ARXIV:1606.01893;%%"
}

@article{hep-th/9407078,
Author = {C. P. Burgess and C. A. Lütken and F. Quevedo},
Title = {{B}osonization in \textcolor{red}{H}igher \textcolor{red}{D}imensions},
Year = {1994},
Eprint = {arXiv:hep-th/9407078},
Howpublished = {Phys.Lett.B336:18-24,1994},
Doi = {10.1016/0370-2693(94)00963-5},
}

@article{hep-th/9407182,
Author = {E. Fradkin and F. A. Schaposnik},
Title = {{T}he \textcolor{red}{F}ermion-\textcolor{red}{B}oson \textcolor{red}{M}apping in \textcolor{red}{T}hree \textcolor{red}{D}imensional \textcolor{red}{Q}uantum \textcolor{red}{F}ield \textcolor{red}{T}heory},
Year = {1994},
Eprint = {arXiv:hep-th/9407182},
Howpublished = {Phys.Lett. B338 (1994) 253-258},
Doi = {10.1016/0370-2693(94)91374-9},
}

@article{deVega:1986eu,
      author         = "de Vega, H. J. and Schaposnik, F. A.",
      title          = "{Electrically Charged Vortices in Nonabelian Gauge
                        Theories With Chern-simons Term}",
      journal        = "Phys. Rev. Lett.",
      volume         = "56",
      year           = "1986",
      pages          = "2564",
      doi            = "10.1103/PhysRevLett.56.2564",
      reportNumber   = "PAR-LPTHE-86/13",
      SLACcitation   = "%%CITATION = PRLTA,56,2564;%%"
}

@article{Kumar:1986yz,
      author         = "Kumar, C. Nagaraja and Khare, Avinash",
      title          = "{Charged Vortex of Finite Energy in Nonabelian Gauge
                        Theories With Chern-simons Term}",
      booktitle      = "{Proceedings, 23RD International Conference on High
                        Energy Physics, JULY 16-23, 1986, Berkeley, CA}",
      journal        = "Phys. Lett.",
      volume         = "B178",
      year           = "1986",
      pages          = "395",
      doi            = "10.1016/0370-2693(86)91400-0",
      reportNumber   = "IP/BBSR/86-11",
      SLACcitation   = "%%CITATION = PHLTA,B178,395;%%"
}

%%% contains utf-8, see: https://old.inspirehep.net/info/faq/general#utf8
%%% add \usepackage[utf8]{inputenc} to your latex preamble

@article{Blazquez-Salcedo:2013roa,
      author         = "Blázquez-Salcedo, J. L. and González-Romero, L. M. and
                        Navarro-Lérida, F. and Tchrakian, D. H.",
      title          = "{Non-Abelian Chern-Simons-Higgs vortices with a quartic
                        potential}",
      journal        = "Phys. Rev.",
      volume         = "D88",
      year           = "2013",
      number         = "2",
      pages          = "025026",
      doi            = "10.1103/PhysRevD.88.025026, 10.1103/PhysRevD.88.02502",
      eprint         = "1306.5146",
      archivePrefix  = "arXiv",
     %primaryClass   = "hep-th",
      SLACcitation   = "%%CITATION = ARXIV:1306.5146;%%"
}

@article{NavarroLerida:2009dm,
      author         = "Navarro-Lerida, Francisco and Tchrakian, D. H.",
      title          = "{Non-Abelian Yang-Mills-Higgs vortices}",
      journal        = "Phys. Rev.",
      volume         = "D81",
      year           = "2010",
      pages          = "127702",
      doi            = "10.1103/PhysRevD.81.127702",
      eprint         = "0909.4220",
      archivePrefix  = "arXiv",
     %primaryClass   = "hep-th",
      SLACcitation   = "%%CITATION = ARXIV:0909.4220;%%"
}

@article{Gusynin:2003yu,
      author         = "Gusynin, V. P. and Miransky, V. A. and Shovkovy, Igor A.",
      title          = "{Spontaneous rotational symmetry breaking and roton -
                        like excitations in gauged $\sigma$-model at finite
                        density}",
      journal        = "Phys. Lett.",
      volume         = "B581",
      year           = "2004",
      pages          = "82-92",
      doi            = "10.1016/j.physletb.2014.05.029,
                        10.1016/j.physletb.2003.11.042",
      note           = "[Erratum: Phys. Lett.B734,407(2014)]",
      eprint         = "hep-ph/0311025",
      archivePrefix  = "arXiv",
      SLACcitation   = "%%CITATION = HEP-PH/0311025;%%"
}

@article{Kumar:2018nkf,
      author         = "Kumar, S. Prem and Roychowdhury, Dibakar and Stratiev,
                        Stanislav",
      Title          = "{{R}oton-phonon excitations in {C}hern-{S}imons matter theory
                        at finite density}",
      journal        = "JHEP",
      volume         = "12",
      year           = "2018",
      pages          = "116",
      doi            = "10.1007/JHEP12(2018)116",
      eprint         = "1806.06976",
      archivePrefix  = "arXiv",
      SLACcitation   = "%%CITATION = ARXIV:1806.06976;%%"
}


@article{Seiberg:2016gmd,
      author         = "Seiberg, Nathan and Senthil, T. and Wang, Chong and
                        Witten, Edward",
      Title          = "{{A} {D}uality {W}eb in 2+1 {D}imensions and {C}ondensed {M}atter
                        Physics}",
      journal        = "Annals Phys.",
      volume         = "374",
      year           = "2016",
      pages          = "395-433",
      doi            = "10.1016/j.aop.2016.08.007",
      eprint         = "1606.01989",
      archivePrefix  = "arXiv",
      SLACcitation   = "%%CITATION = ARXIV:1606.01989;%%"
}

@article{Aharony:2012nh,
      author         = "Aharony, Ofer and Gur-Ari, Guy and Yacoby, Ran",
      Title          = "{{C}orrelation {F}unctions of {L}arge {N} {C}hern-{S}imons-{M}atter
                        Theories and Bosonization in Three Dimensions}",
      journal        = "JHEP",
      volume         = "12",
      year           = "2012",
      pages          = "028",
      doi            = "10.1007/JHEP12(2012)028",
      eprint         = "1207.4593",
      archivePrefix  = "arXiv",
      reportNumber   = "WIS-13-12-JUL-DPPA",
      SLACcitation   = "%%CITATION = ARXIV:1207.4593;%%"
}

@article{Jain:2013py,
      author         = "Jain, Sachin and Minwalla, Shiraz and Sharma, Tarun and
                        Takimi, Tomohisa and Wadia, Spenta R. and Yokoyama,
                        Shuichi",
      Title          = "{{P}hases of large ${N}$ vector {C}hern-{S}imons theories on ${S}^2
                        \times S^1$}",
      journal        = "JHEP",
      volume         = "09",
      year           = "2013",
      pages          = "009",
      doi            = "10.1007/JHEP09(2013)009",
      eprint         = "1301.6169",
      archivePrefix  = "arXiv",
      reportNumber   = "TIFR-TH-13-02, ICTS-2012-14",
      SLACcitation   = "%%CITATION = ARXIV:1301.6169;%%"
}

@article{Jain:2013gza,
      author         = "Jain, Sachin and Minwalla, Shiraz and Yokoyama, Shuichi",
      Title          = "{{C}hern \textcolor{red}{S}imons duality with a fundamental boson and
                        fermion}",
      journal        = "JHEP",
      volume         = "11",
      year           = "2013",
      pages          = "037",
      doi            = "10.1007/JHEP11(2013)037",
      eprint         = "1305.7235",
      archivePrefix  = "arXiv",
      reportNumber   = "TIFR-TH-13-17",
      SLACcitation   = "%%CITATION = ARXIV:1305.7235;%%"
}

@article{Takimi:2013zca,
      author         = "Takimi, Tomohisa",
      Title          = "{{D}uality and Higher Temperature Phases of Large $N$
                        Chern-Simons Matter Theories on $S^2$ x $S^1$}",
      journal        = "JHEP",
      volume         = "07",
      year           = "2013",
      pages          = "177",
      doi            = "10.1007/JHEP07(2013)177",
      eprint         = "1304.3725",
      archivePrefix  = "arXiv",
      SLACcitation   = "%%CITATION = ARXIV:1304.3725;%%"
}

@article{Geracie:2015drf,
      author         = "Geracie, Michael and Goykhman, Mikhail and Son, Dam T.",
      Title          = "{{D}ense {C}hern-{S}imons {M}atter with {F}ermions at {L}arge {N}}",
      journal        = "JHEP",
      volume         = "04",
      year           = "2016",
      pages          = "103",
      doi            = "10.1007/JHEP04(2016)103",
      eprint         = "1511.04772",
      archivePrefix  = "arXiv",
      SLACcitation   = "%%CITATION = ARXIV:1511.04772;%%"
}

@article{Tong:2015xaa,
      author         = "Tong, David and Turner, Carl",
      Title          = "{{Q}uantum {H}all Effect in Supersymmetric {C}hern-{S}imons
                        Theories}",
      journal        = "Phys. Rev.",
      volume         = "B92",
      year           = "2015",
      number         = "23",
      pages          = "235125",
      doi            = "10.1103/PhysRevB.92.235125",
      eprint         = "1508.00580",
      archivePrefix  = "arXiv",
      SLACcitation   = "%%CITATION = ARXIV:1508.00580;%%"
}

@article{Bolognesi:2005ty,
      author         = "Bolognesi, Stefano",
      Title          = "{{L}arge {$N$}, $\mathbb{Z}_N$ Strings and Bag Models}",
      journal        = "Nucl. Phys.",
      volume         = "B730",
      year           = "2005",
      pages          = "150-163",
      doi            = "10.1016/j.nuclphysb.2005.09.031",
      eprint         = "hep-th/0507286",
      archivePrefix  = "arXiv",
      SLACcitation   = "%%CITATION = HEP-TH/0507286;%%"
}

@article{Bolognesi:2005rk,
      author         = "Bolognesi, Stefano",
      Title          = "{{M}ulti-monopoles and Magnetic Bags}",
      journal        = "Nucl. Phys.",
      volume         = "B752",
      year           = "2006",
      pages          = "93-123",
      doi            = "10.1016/j.nuclphysb.2006.06.022",
      eprint         = "hep-th/0512133",
      archivePrefix  = "arXiv",
      SLACcitation   = "%%CITATION = HEP-TH/0512133;%%"
}

@article{Bolognesi:2007ez,
      author         = "Bolognesi, Stefano and Gudnason, Sven Bjarke",
      Title          = "{{A} {N}ote on {C}hern-{S}imons solitons: {A} {T}ype {I}{I}{I} vortex from
                        the wall vortex}",
      journal        = "Nucl. Phys.",
      volume         = "B805",
      year           = "2008",
      pages          = "104-123",
      doi            = "10.1016/j.nuclphysb.2008.07.018",
      eprint         = "0711.3803",
      archivePrefix  = "arXiv",
      reportNumber   = "FTPI-MINN-07-32, UMN-TH-2623-07, IFUP-TH-2007-32",
      SLACcitation   = "%%CITATION = ARXIV:0711.3803;%%"
}

@article{Rosen:2010es,
      author         = "Rosen, Rachel A.",
      Title          = "{{P}hase {T}ransitions of {C}harged {S}calars at {F}inite
                        Temperature and Chemical Potential}",
      journal        = "JHEP",
      volume         = "12",
      year           = "2010",
      pages          = "024",
      doi            = "10.1007/JHEP12(2010)024",
      eprint         = "1009.0752",
      archivePrefix  = "arXiv",
      SLACcitation   = "%%CITATION = ARXIV:1009.0752;%%"
}

@article{Tong:2003vy,
      author         = "Tong, David",
      Title          = "{{A} {Q}uantum {H}all fluid of vortices}",
      journal        = "JHEP",
      volume         = "02",
      year           = "2004",
      pages          = "046",
      doi            = "10.1088/1126-6708/2004/02/046",
      eprint         = "hep-th/0306266",
      archivePrefix  = "arXiv",
      reportNumber   = "MIT-CTP-3390",
      SLACcitation   = "%%CITATION = HEP-TH/0306266;%%"
}

@article{Maldacena:2011jn,
      author         = "Maldacena, Juan and Zhiboedov, Alexander",
      Title          = "{{C}onstraining {C}onformal {F}ield {T}heories with {A} {H}igher {S}pin
                        Symmetry}",
      journal        = "J. Phys.",
      volume         = "A46",
      year           = "2013",
      pages          = "214011",
      doi            = "10.1088/1751-8113/46/21/214011",
      eprint         = "1112.1016",
      archivePrefix  = "arXiv",
      SLACcitation   = "%%CITATION = ARXIV:1112.1016;%%"
}

@article{Maldacena:2012sf,
      author         = "Maldacena, Juan and Zhiboedov, Alexander",
      Title          = "{{C}onstraining conformal field theories with a slightly
                        broken higher spin symmetry}",
      journal        = "Class. Quant. Grav.",
      volume         = "30",
      year           = "2013",
      pages          = "104003",
      doi            = "10.1088/0264-9381/30/10/104003",
      eprint         = "1204.3882",
      archivePrefix  = "arXiv",
      reportNumber   = "PUPT-2410",
      SLACcitation   = "%%CITATION = ARXIV:1204.3882;%%"
}

@article{Jain:2014nza,
      author         = "Jain, Sachin and Mandlik, Mangesh and Minwalla, Shiraz
                        and Takimi, Tomohisa and Wadia, Spenta R. and Yokoyama,
                        Shuichi",
      Title          = "{{U}nitarity, {C}rossing {S}ymmetry and {D}uality of the {S}-matrix
                        in large N Chern-Simons theories with fundamental matter}",
      journal        = "JHEP",
      volume         = "04",
      year           = "2015",
      pages          = "129",
      doi            = "10.1007/JHEP04(2015)129",
      eprint         = "1404.6373",
      archivePrefix  = "arXiv",
      reportNumber   = "TIFR-TH-14-12, HRI-ST-1405, ICTS-2014-04",
      SLACcitation   = "%%CITATION = ARXIV:1404.6373;%%"
}

@article{Dandekar:2014era,
      author         = "Dandekar, Yogesh and Mandlik, Mangesh and Minwalla,
                        Shiraz",
      Title          = "{{P}oles in the ${S}$-{M}atrix of {R}elativistic {C}hern-{S}imons
                        Matter theories from Quantum Mechanics}",
      journal        = "JHEP",
      volume         = "04",
      year           = "2015",
      pages          = "102",
      doi            = "10.1007/JHEP04(2015)102",
      eprint         = "1407.1322",
      archivePrefix  = "arXiv",
      SLACcitation   = "%%CITATION = ARXIV:1407.1322;%%"
}

@article{Coleman:1973ci,
      author         = "Coleman, Sidney R.",
      Title          = "{{T}here are no {G}oldstone bosons in two-dimensions}",
      journal        = "Commun. Math. Phys.",
      volume         = "31",
      year           = "1973",
      pages          = "259-264",
      doi            = "10.1007/BF01646487",
      SLACcitation   = "%%CITATION = CMPHA,31,259;%%"
}

@article{Mermin:1966fe,
      author         = "Mermin, N. D. and Wagner, H.",
      Title          = "{Absence of Ferromagnetism or Antiferromagnetism in One- or Two-Dimensional Isotropic Heisenberg Models}",
      journal        = "Phys. Rev. Lett.",
      volume         = "17",
      year           = "1966",
      pages          = "1133-1136",
      doi            = "10.1103/PhysRevLett.17.1133",
      SLACcitation   = "%%CITATION = PRLTA,17,1133;%%"
}

@article{Gur-Ari:2016xff,
      author         = "Gur-Ari, Guy and Hartnoll, Sean A. and Mahajan, Raghu",
      Title          = "{{T}ransport in {C}hern-{S}imons-{M}atter {T}heories}",
      journal        = "JHEP",
      volume         = "07",
      year           = "2016",
      pages          = "090",
      doi            = "10.1007/JHEP07(2016)090",
      eprint         = "1605.01122",
      archivePrefix  = "arXiv",
      reportNumber   = "SU-ITP-16-09",
      SLACcitation   = "%%CITATION = ARXIV:1605.01122;%%"
}

@article{Landau:1941vsj,
      author         = "Landau, L. D.",
      Title          = "{{T}he theory of superfuidity of helium {I}{I}}",
      journal        = "J. Phys.(USSR)",
      volume         = "5",
      year           = "1941",
      pages          = "71-100",
      SLACcitation   = "%%CITATION = JOPYA,5,71;%%"
}

@article{Schmitt:2014eka,
      author         = "Schmitt, Andreas",
      Title          = "{{I}ntroduction to {S}uperfluidity}",
      journal        = "Lect. Notes Phys.",
      volume         = "888",
      year           = "2015",
      pages          = "pp.1-155",
      doi            = "10.1007/978-3-319-07947-9",
      eprint         = "1404.1284",
      archivePrefix  = "arXiv",
      SLACcitation   = "%%CITATION = ARXIV:1404.1284;%%"
}

@article{Susskind:2001fb,
      author         = "Susskind, Leonard",
      Title          = "{{T}he {Q}uantum {H}all fluid and noncommutative {C}hern-{S}imons
                        theory}",
      year           = "2001",
      eprint         = "hep-th/0101029",
      archivePrefix  = "arXiv",
      reportNumber   = "SU-ITP-01-01",
      SLACcitation   = "%%CITATION = HEP-TH/0101029;%%"
}


@article{Susskind:2001fb,
      author         = "Susskind, Leonard",
      title          = "{The Quantum Hall fluid and noncommutative Chern-Simons
                        theory}",
      year           = "2001",
      eprint         = "hep-th/0101029",
      archivePrefix  = "arXiv",
     %primaryClass   = "hep-th",
      reportNumber   = "SU-ITP-01-01",
      SLACcitation   = "%%CITATION = HEP-TH/0101029;%%"
}

@article{Minwalla:2015sca,
      author         = "Minwalla, Shiraz and Yokoyama, Shuichi",
      Title          = "{{C}hern {S}imons {B}osonization along {R}{G} {F}lows}",
      journal        = "JHEP",
      volume         = "02",
      year           = "2016",
      pages          = "103",
      doi            = "10.1007/JHEP02(2016)103",
      eprint         = "1507.04546",
      archivePrefix  = "arXiv",
      reportNumber   = "TIFR-TH-15-19",
      SLACcitation   = "%%CITATION = ARXIV:1507.04546;%%"
}

@article{Nielsen:1975hm,
      author         = "Nielsen, Holger Bech and Chadha, S.",
      Title          = "{{O}n {H}ow to {C}ount {G}oldstone {B}osons}",
      journal        = "Nucl. Phys.",
      volume         = "B105",
      year           = "1976",
      pages          = "445-453",
      doi            = "10.1016/0550-3213(76)90025-0",
      reportNumber   = "NBI-HE-75-8",
      SLACcitation   = "%%CITATION = NUPHA,B105,445;%%"
}

@article{Watanabe:2012hr,
      author         = "Watanabe, Haruki and Murayama, Hitoshi",
      Title          = "{{U}nified {D}escription of {N}ambu-{G}oldstone {B}osons without
                        Lorentz Invariance}",
      journal        = "Phys. Rev. Lett.",
      volume         = "108",
      year           = "2012",
      pages          = "251602",
      doi            = "10.1103/PhysRevLett.108.251602",
      eprint         = "1203.0609",
      archivePrefix  = "arXiv",
      SLACcitation   = "%%CITATION = ARXIV:1203.0609;%%"
}

@article{Markov:2004mj,
      author         = "Markov, V. and Marshakov, A. and Yung, A.",
      Title          = "{{N}on-{A}belian {V}ortices in {N} = 1* {G}auge {T}heory}",
      journal        = "Nucl. Phys.",
      volume         = "B709",
      year           = "2005",
      pages          = "267-295",
      doi            = "10.1016/j.nuclphysb.2004.12.018",
      eprint         = "hep-th/0408235",
      archivePrefix  = "arXiv",
      reportNumber   = "FIAN-TD-07-04, ITEP-TH-33-04",
      SLACcitation   = "%%CITATION = HEP-TH/0408235;%%"
}

@article{Auzzi:2008ep,
      author         = "Auzzi, Roberto and Kumar, S. Prem",
      Title          = "{{N}on-{A}belian k-{V}ortex {D}ynamics in {N}=1* theory and its
                        Gravity Dual}",
      journal        = "JHEP",
      volume         = "12",
      year           = "2008",
      pages          = "077",
      doi            = "10.1088/1126-6708/2008/12/077",
      eprint         = "0810.3201",
      archivePrefix  = "arXiv",
      SLACcitation   = "%%CITATION = ARXIV:0810.3201;%%"
}

@article{Auzzi:2009yw,
      author         = "Auzzi, Roberto and Kumar, S. Prem",
      Title          = "{{Q}uantum \textcolor{red}{P}hases of a \textcolor{red}{V}ortex \textcolor{red}{S}tring}",
      journal        = "Phys. Rev. Lett.",
      volume         = "103",
      year           = "2009",
      pages          = "231601",
      doi            = "10.1103/PhysRevLett.103.231601",
      eprint         = "0908.4278",
      archivePrefix  = "arXiv",
      SLACcitation   = "%%CITATION = ARXIV:0908.4278;%%"
}

@article{Castorina:2004yd,
      author         = "Castorina, Paolo and Riccobene, Giuseppe and Zappala,
                        Dario",
      Title          = "{{N}on-commutative dynamics and roton-like spectra in
                        bosonic and fermionic condensates}",
      journal        = "Phys. Lett.",
      volume         = "A337",
      year           = "2005",
      pages          = "463-468",
      doi            = "10.1016/j.physleta.2005.01.086",
      eprint         = "hep-th/0405093",
      archivePrefix  = "arXiv",
      SLACcitation   = "%%CITATION = HEP-TH/0405093;%%"
}

@article{Choudhury:2018iwf,
      author         = "Choudhury, Sayantan and Dey, Anshuman and Halder,
                        Indranil and Jain, Sachin and Janagal, Lavneet and
                        Minwalla, Shiraz and Prabhakar, Naveen",
      Title          = "{{B}ose-{F}ermi {C}hern-{S}imons {D}ualities in the {H}iggsed {P}hase}",
      journal        = "JHEP",
      volume         = "11",
      year           = "2018",
      pages          = "177",
      doi            = "10.1007/JHEP11(2018)177",
      eprint         = "1804.08635",
      archivePrefix  = "arXiv",
      reportNumber   = "TIFR/TH/18-10, TIFR-TH-18-10",
      SLACcitation   = "%%CITATION = ARXIV:1804.08635;%%"
}

@article{Hands:1998he,
      author         = "Hands, Simon",
      Title          = "{{F}our Fermion Models at Non-Zero Density}",
      journal        = "Nucl. Phys.",
      volume         = "A642",
      year           = "1998",
      pages          = "228-238",
      doi            = "10.1016/S0375-9474(98)00521-1",
      eprint         = "hep-lat/9806022",
      archivePrefix  = "arXiv",
      reportNumber   = "SWAT-98-191",
      SLACcitation   = "%%CITATION = HEP-LAT/9806022;%%"
}

@article{pitaevskii84,
      author         = "Pitaevskii,L. P. ",
      url            = "http://www.jetpletters.ac.ru/ps/1301/article_19659.shtml",
      Title          = "{{L}ayered structure of ${}^4{\rm {H}e}$ with supercritical motion}",
      journal        = "JETP",
      volume         = "39(9)",
      year           = "1984",
      pages          = "511-514",
}

@article{voskresenskii93,
      author         = "Voskresenskii, D. N. ",
      url            = "http://www.jetp.ac.ru/cgi-bin/e/index/e/77/6/p917?a=list",
      Title          = "{{C}ondensate with finite momentum in a moving medium}",
      journal        = "JETP",
      volume         = "77(6)",
      year           = "1993",
      pages          = "917-932",
}

@article{ongoing,
      author         = "Kumar, S. P.  and Stratiev, S. ",
      Title          = "{{W}ork in progress}",
}

@article{Vachaspati:1991cs,
      author         = "Vachaspati, Tanmay and Achucarro, Ana",
      Title          = "{{S}emi-local cosmic strings}",
      year           = "1991",
      reportNumber   = "TUTP-91-7",
      SLACcitation   = "%%CITATION = TUTP-91-7;%%"
}

@article{Polyakov1977,
  doi = {10.1016/0550-3213(77)90086-4},
  year = {1977},
  month = mar,
  publisher = {Elsevier {BV}},
  volume = {120},
  number = {3},
  pages = {429--458},
  author = {A.M. Polyakov},
  url = {https://doi.org/10.1016/0550-3213(77)90086-4},
  Title = {{Q}uark confinement and topology of gauge theories},
  journal = {Nuclear Physics B}
}

@article{Polyakov:1976fu,
    author = "Polyakov, Alexander M.",
    doi = "10.1016/0550-3213(77)90086-4",
    journal = "Nucl.\ Phys.\ B",
    pages = "429--458",
    reportNumber = "NORDITA-76/33",
    title = "{Quark Confinement and Topology of Gauge Groups}",
    volume = "120",
    year = "1977"
}

@article{Aharony:2012nh,
      author         = "Aharony, Ofer and Gur-Ari, Guy and Yacoby, Ran",
      Title          = "{{C}orrelation \textcolor{red}{F}unctions of \textcolor{red}{L}arge \textcolor{red}{N} \textcolor{red}{C}hern-\textcolor{red}{S}imons-\textcolor{red}{M}atter
                        Theories and Bosonization in Three Dimensions}",
      journal        = "JHEP",
      volume         = "12",
      year           = "2012",
      pages          = "028",
      doi            = "10.1007/JHEP12(2012)028",
      eprint         = "1207.4593",
      archivePrefix  = "arXiv",
      reportNumber   = "WIS-13-12-JUL-DPPA",
      SLACcitation   = "%%CITATION = ARXIV:1207.4593;%%"
}

@article{Polyakov:1974ek,
    author = "Polyakov, Alexander M.",
    journal = "JETP Lett.",
    url = "http://www.jetpletters.ac.ru/ps/1789/article_27297.shtml",
    pages = "194--195",
    reportNumber = "PRINT-74-1566 (LANDAU-INST)",
    Title = "{{P}article {S}pectrum in the {Q}uantum {F}ield {T}heory}",
    volume = "20",
    year = "1974"
}


@article{tHooft:1974kcl,
    author = "'t Hooft, Gerard",
    doi = "10.1016/0550-3213(74)90486-6",
    journal = "Nucl.\ Phys.\ B",
    pages = "276--284",
    reportNumber = "CERN-TH-1876",
    Title = "{{M}agnetic {M}onopoles in {U}nified {G}auge {T}heories}",
    volume = "79",
    year = "1974"
}

@article{Kosterlitz_1973,
	doi = {10.1088/0022-3719/6/7/010},
	url = {https://doi.org/10.1088%2F0022-3719%2F6%2F7%2F010},
	year = 1973,
	month = {apr},
	publisher = {{IOP} Publishing},
	volume = {6},
	number = {7},
	pages = {1181--1203},
	author = {J M Kosterlitz and D J Thouless},
	Title = {{O}rdering, metastability and phase transitions in two-dimensional systems},
	journal = {Journal of Physics C: Solid State Physics},
	abstract = {A new definition of order called topological order is proposed for two-dimensional systems in which no long-range order of the conventional type exists. The possibility of a phase transition characterized by a change in the response of the system to an external perturbation is discussed in the context of a mean field type of approximation. The critical behaviour found in this model displays very weak singularities. The application of these ideas to the xy model of magnetism, the solid-liquid transition, and the neutral superfluid are discussed. This type of phase transition cannot occur in a superconductor nor in a Heisenberg ferromagnet.}
}

@article{Kosterlitz_1972,
	doi = {10.1088/0022-3719/5/11/002},
	url = {https://doi.org/10.1088%2F0022-3719%2F5%2F11%2F002},
	year = 1972,
	month = {jun},
	publisher = {{IOP} Publishing},
	volume = {5},
	number = {11},
	pages = {L124--L126},
	author = {J M Kosterlitz and D J Thouless},
	Title = {{L}ong range order and metastability in two dimensional solids and superfluids. (\textcolor{red}{A}pplication of dislocation theory)},
	journal = {Journal of Physics C: Solid State Physics},
	abstract = {Dislocation theory is used to define long range order for two dimensional solids. An ordered state exists at low temperatures, and the rigidity modulus is nonzero at the transition temperature. Similar arguments show that the superfluid density is nonzero at the transition temperature of a two dimensional superfluid.}
}

@inproceedings{Tong:2016kpv,
      author         = "Tong, David",
      title          = "{Lectures on the Quantum Hall Effect}",
      year           = "2016",
      eprint         = "1606.06687",
      archivePrefix  = "arXiv",
}

@article{Peskin:1977kp,
    author = "Peskin, Michael E.",
    doi = "10.1016/0003-4916(78)90252-X",
    journal = "Annals Phys.",
    pages = "122",
    reportNumber = "HUTP-77/A083",
    title = "{Mandelstam 't Hooft Duality in Abelian Lattice Models}",
    volume = "113",
    year = "1978"
}

@article{Dasgupta:1981zz,
    author = "Dasgupta, C. and Halperin, B.I.",
    doi = "10.1103/PhysRevLett.47.1556",
    journal = "Phys. Rev. Lett.",
    pages = "1556--1560",
    title = "{Phase Transition in a Lattice Model of Superconductivity}",
    volume = "47",
    year = "1981"
}

@article{PhysRevB.39.2756,
  title = {Correspondence between two-dimensional bosons and a bulk superconductor in a magnetic field},
  author = {Fisher, Matthew P. A. and Lee, D. H.},
  journal = {Phys. Rev. B},
  volume = {39},
  issue = {4},
  pages = {2756--2759},
  numpages = {0},
  year = {1989},
  month = {Feb},
  publisher = {American Physical Society},
  doi = {10.1103/PhysRevB.39.2756},
  %url = {https://link.aps.org/doi/10.1103/PhysRevB.39.2756}
}
